%%%%%%%%%%%%%%%%%%%%%%%%%%%%%%%%%%%%%%%%%%%%%%%%%%%%%%%%%%%%%%%%%%%%%%%%%%%%%%%%

@inproceedings{bjorner-2015,
  author    = {Nikolaj Bj{\o}rner and Anh-Dung Phan and Lars Fleckenstein},
  editor    = {Christel Baier and Cesare Tinelli},
  title     = {$\nu$Z - An Optimizing SMT Solver},
  booktitle = {Tools and Algorithms for the Construction and Analysis of Systems},
  year      = {2015},
  publisher = {Springer Berlin Heidelberg},
  address   = {Berlin, Heidelberg},
  pages     = {194 -- 199},
  isbn      = {978-3-662-46681-0},
  doi       = {10.1007/978-3-662-46681-0_14},
  url       = {https://doi.org/10.1007/978-3-662-46681-0_14},
  pdf       = {https://pdfs.semanticscholar.org/9fb3/5946a52007b708851f42b10b429e0611cb4d.pdf},
}

%%%%%%%%%%%%%%%%%%%%%%%%%%%%%%%%%%%%%%%%%%%%%%%%%%%%%%%%%%%%%%%%%%%%%%%%%%%%%%%%

@article{darais-2017,
  author     = {David Darais and Nicholas Labich and {Ph\'{u}c} C. Nguyen and David Van Horn},
  title      = {Abstracting Definitional Interpreters (Functional Pearl)},
  journal    = {Proceedings of the ACM on Programming Languages},
  issue_date = {September 2017},
  volume     = {1},
  number     = {ICFP},
  month      = {August},
  year       = {2017},
  issn       = {2475-1421},
  pages      = {12:1 -- 12:25},
  articleno  = {12},
  numpages   = {25},
  publisher  = {ACM},
  address    = {New York, NY, USA},
  doi        = {10.1145/3110256},
  url        = {https://doi.org/10.1145/3110256},
  pdf        = {http://david.darais.com/assets/papers/abstracting-definitional-interpreters/adi.pdf},
  acmid      = {3110256},
}

%%%%%%%%%%%%%%%%%%%%%%%%%%%%%%%%%%%%%%%%%%%%%%%%%%%%%%%%%%%%%%%%%%%%%%%%%%%%%%%%

@inproceedings{hoffmann-2012,
  author    = {Jan Hoffmann and Klaus Aehlig and Martin Hofmann},
  title     = {Resource Aware ML},
  booktitle = {24rd International Conference on Computer Aided Verification (CAV'12)},
  publisher = {Springer},
  series    = {Lecture Notes in Computer Science},
  volume    = {7358},
  pages     = {781 -- 786},
  year      = {2012},
  doi       = {10.1007/978-3-642-31424-7_64},
  url       = {https://doi.org/10.1007/978-3-642-31424-7_64},
  pdf       = {http://www.cs.cmu.edu/~janh/papers/hah12cav.pdf},
}

%%%%%%%%%%%%%%%%%%%%%%%%%%%%%%%%%%%%%%%%%%%%%%%%%%%%%%%%%%%%%%%%%%%%%%%%%%%%%%%%

@inproceedings{brotherston-2017,
  author    = {James Brotherston and Nikos Gorogiannis and Max Kanovich},
  editor    = {Leonardo de Moura},
  title     = {Biabduction (and Related Problems) in Array Separation Logic},
  booktitle = {Automated Deduction -- CADE 26},
  year      = {2017},
  publisher = {Springer International Publishing},
  address   = {Cham},
  pages     = {472 -- 490},
  isbn      = {978-3-319-63046-5},
  doi       = {10.1007/978-3-319-63046-5_29},
  url       = {https://doi.org/10.1007/978-3-319-63046-5_29},
  pdf       = {https://arxiv.org/pdf/1607.01993.pdf},
}

%%%%%%%%%%%%%%%%%%%%%%%%%%%%%%%%%%%%%%%%%%%%%%%%%%%%%%%%%%%%%%%%%%%%%%%%%%%%%%%%

@article{calcagno-2011,
  author     = {Cristiano Calcagno and Dino Distefano and Peter W. O'Hearn and Hongseok Yang},
  title      = {Compositional Shape Analysis by Means of Bi-Abduction},
  journal    = {Journal of the ACM},
  issue_date = {December 2011},
  volume     = {58},
  number     = {6},
  month      = {December},
  year       = {2011},
  issn       = {0004-5411},
  pages      = {26:1 -- 26:66},
  articleno  = {26},
  numpages   = {66},
  publisher  = {ACM},
  address    = {New York, NY, USA},
  doi        = {10.1145/2049697.2049700},
  url        = {https://doi.org/10.1145/2049697.2049700},
  acmid      = {2049700},
}

%%%%%%%%%%%%%%%%%%%%%%%%%%%%%%%%%%%%%%%%%%%%%%%%%%%%%%%%%%%%%%%%%%%%%%%%%%%%%%%%

@techreport{carbonneaux-2015,
  author      = {Quentin Carbonneaux and Jan Hoffmann and Zhong Shao},
  title       = {Compositional Certified Resource Bounds},
  month       = {April},
  year        = {2015},
  institution = {Yale University},
  note        = {YALEU/DCS/TR1505},
  url         = {http://www.cs.yale.edu/homes/qcar/data/amortimp15_tr.pdf},
}

%%%%%%%%%%%%%%%%%%%%%%%%%%%%%%%%%%%%%%%%%%%%%%%%%%%%%%%%%%%%%%%%%%%%%%%%%%%%%%%%

@inproceedings{baumgartner-2007,
  author    = {Peter Baumgartner and Ulrich Furbach and {Bj\"{o}rn} Pelzer},
  editor    = {Frank Pfenning},
  title     = {Hyper Tableaux with Equality},
  booktitle = {Automated Deduction -- CADE-21},
  year      = {2007},
  publisher = {Springer Berlin Heidelberg},
  address   = {Berlin, Heidelberg},
  pages     = {492 -- 507},
  isbn      = {978-3-540-73595-3},
  doi       = {10.1007/978-3-540-73595-3_36},
  url       = {https://doi.org/10.1007/978-3-540-73595-3_36},
}

%%%%%%%%%%%%%%%%%%%%%%%%%%%%%%%%%%%%%%%%%%%%%%%%%%%%%%%%%%%%%%%%%%%%%%%%%%%%%%%%

@article{payet-2008,
  author  = {{\'{E}tienne} Payet},
  title   = {Loop detection in term rewriting using the eliminating unfoldings},
  journal = {Theoretical Computer Science},
  volume  = {403},
  number  = {2},
  pages   = {307 -- 327},
  year    = {2008},
  issn    = {0304-3975},
  doi     = {10.1016/j.tcs.2008.05.013},
  url     = {https://doi.org/10.1016/j.tcs.2008.05.013},
}

%%%%%%%%%%%%%%%%%%%%%%%%%%%%%%%%%%%%%%%%%%%%%%%%%%%%%%%%%%%%%%%%%%%%%%%%%%%%%%%%

@book{baader-1998,
  author    = {Franz Baader and Tobias Nipkow},
  title     = {Term Rewriting and All That},
  year      = {1998},
  isbn      = {0-521-45520-0},
  publisher = {Cambridge University Press},
  address   = {New York, NY, USA},
  url       = {https://dl.acm.org/citation.cfm?id=280474},
}

%%%%%%%%%%%%%%%%%%%%%%%%%%%%%%%%%%%%%%%%%%%%%%%%%%%%%%%%%%%%%%%%%%%%%%%%%%%%%%%%

@inproceedings{holen-2013,
  author    = {Bjarne Holen and Dag Hovland and Martin Giese},
  title     = {Efficient Rule-Matching for Hyper-Tableaux},
  booktitle = {IWIL 2012. The 9th International Workshop on the Implementation of Logics},
  editor    = {Konstantin Korovin and Stephan Schulz and Eugenia Ternovska},
  series    = {EPiC Series in Computing},
  volume    = {22},
  pages     = {4 -- 17},
  year      = {2013},
  publisher = {EasyChair},
  issn      = {2398-7340},
  doi       = {10.29007/r5m4},
  url       = {https://doi.org/10.29007/r5m4},
}

%%%%%%%%%%%%%%%%%%%%%%%%%%%%%%%%%%%%%%%%%%%%%%%%%%%%%%%%%%%%%%%%%%%%%%%%%%%%%%%%

@phdthesis{forgy-1979,
  author    = {Charles Lanny Forgy},
  title     = {On the Efficient Implementation of Production Systems},
  year      = {1979},
  publisher = {Carnegie Mellon University},
  address   = {Pittsburgh, PA, USA},
  note      = {AAI7919143},
  url       = {https://dl.acm.org/citation.cfm?id=908813},
}

%%%%%%%%%%%%%%%%%%%%%%%%%%%%%%%%%%%%%%%%%%%%%%%%%%%%%%%%%%%%%%%%%%%%%%%%%%%%%%%%

@techreport{doorenbos-2001,
  author      = {Robert B. Doorenbos},
  title       = {Production Matching for Large Learning Systems},
  year        = {2001},
  institution = {Carnegie Mellon University},
  address     = {Pittsburgh, PA, USA},
  note        = {CMU-CS-95-113},
  url         = {https://dl.acm.org/citation.cfm?id=865038},
}

%%%%%%%%%%%%%%%%%%%%%%%%%%%%%%%%%%%%%%%%%%%%%%%%%%%%%%%%%%%%%%%%%%%%%%%%%%%%%%%%

@article{eker-1995,
  author  = {Steven Eker},
  title   = {Associative-commutative matching via bipartite graph matching},
  journal = {The Computer Journal},
  volume  = {38},
  number  = {5},
  pages   = {381 -- 399},
  year    = {1995},
  doi     = {10.1093/comjnl/38.5.381},
  url     = {https://doi.org/10.1093/comjnl/38.5.381},
}

%%%%%%%%%%%%%%%%%%%%%%%%%%%%%%%%%%%%%%%%%%%%%%%%%%%%%%%%%%%%%%%%%%%%%%%%%%%%%%%%

@article{bachmair-2003,
  author  = {Leo Bachmair and Ashish Tiwari and Laurent Vigneron},
  title   = {Abstract Congruence Closure},
  journal = {Journal of Automated Reasoning},
  year    = {2003},
  month   = {October},
  day     = {01},
  volume  = {31},
  number  = {2},
  pages   = {129 -- 168},
  issn    = {1573-0670},
  doi     = {10.1023/B:JARS.0000009518.26415.49},
  url     = {https://doi.org/10.1023/B:JARS.0000009518.26415.49},
}

%%%%%%%%%%%%%%%%%%%%%%%%%%%%%%%%%%%%%%%%%%%%%%%%%%%%%%%%%%%%%%%%%%%%%%%%%%%%%%%%

@techreport{sjoberg-2014,
  author      = {Vilhelm {Sj\"{o}berg} and Stephanie Weirich},
  title       = {Programming up to Congruence (Extended Version)},
  institution = {University of Pennsylvania},
  month       = {October},
  year        = {2014},
  note        = {MS-CIS-14-10},
  url         = {https://repository.upenn.edu/cis_reports/992/},
}

%%%%%%%%%%%%%%%%%%%%%%%%%%%%%%%%%%%%%%%%%%%%%%%%%%%%%%%%%%%%%%%%%%%%%%%%%%%%%%%%

@article{stampoulis-2010,
  author     = {Antonis Stampoulis and Zhong Shao},
  title      = {VeriML: Typed Computation of Logical Terms Inside a Language with Effects},
  journal    = {ACM SIGPLAN Notices},
  issue_date = {September 2010},
  volume     = {45},
  number     = {9},
  month      = {September},
  year       = {2010},
  issn       = {0362-1340},
  pages      = {333 -- 344},
  numpages   = {12},
  publisher  = {ACM},
  address    = {New York, NY, USA},
  doi        = {10.1145/1932681.1863591},
  url        = {https://doi.org/10.1145/1932681.1863591},
  acmid      = {1863591},
}

%%%%%%%%%%%%%%%%%%%%%%%%%%%%%%%%%%%%%%%%%%%%%%%%%%%%%%%%%%%%%%%%%%%%%%%%%%%%%%%%

@article{tate-2009,
  author     = {Ross Tate and Michael Stepp and Zachary Tatlock and Sorin Lerner},
  title      = {Equality Saturation: A New Approach to Optimization},
  journal    = {ACM SIGPLAN Notices},
  issue_date = {January 2009},
  volume     = {44},
  number     = {1},
  month      = {January},
  year       = {2009},
  issn       = {0362-1340},
  pages      = {264 -- 276},
  numpages   = {13},
  publisher  = {ACM},
  address    = {New York, NY, USA},
  doi        = {10.1145/1594834.1480915},
  url        = {https://doi.org/10.1145/1594834.1480915},
  acmid      = {1480915},
}

%%%%%%%%%%%%%%%%%%%%%%%%%%%%%%%%%%%%%%%%%%%%%%%%%%%%%%%%%%%%%%%%%%%%%%%%%%%%%%%%

@phdthesis{tate-2012-eqsat,
  author = {Ross Tate},
  title  = {Equality Saturation: Using Equational Reasoning to Optimize Imperative Functions},
  school = {University of California, San Diego},
  year   = {2012},
  url    = {http://www.cs.cornell.edu/~ross/publications/eqsat/},
  pdf    = {http://www.cs.cornell.edu/~ross/publications/eqsat/RossThesis.pdf},
}

%%%%%%%%%%%%%%%%%%%%%%%%%%%%%%%%%%%%%%%%%%%%%%%%%%%%%%%%%%%%%%%%%%%%%%%%%%%%%%%%

@phdthesis{stepp-2011,
  author = {Michael Stepp},
  title  = {Equality saturation: Engineering Challenges and Applications},
  school = {University of California, San Diego},
  year   = {2011},
  url    = {http://www.cs.cornell.edu/~ross/publications/eqsat/},
  pdf    = {http://www.cs.cornell.edu/~ross/publications/eqsat/MikeThesis.pdf},
}

%%%%%%%%%%%%%%%%%%%%%%%%%%%%%%%%%%%%%%%%%%%%%%%%%%%%%%%%%%%%%%%%%%%%%%%%%%%%%%%%

@inproceedings{tate-2012-proofgen,
  author      = {Ross Tate and Michael Stepp and Sorin Lerner},
  title       = {Generating Compiler Optimizations from Proofs},
  institution = {University of California, San Diego},
  month       = {June},
  year        = {2012},
  url         = {http://www.cs.cornell.edu/~ross/publications/proofgen/},
  pdf         = {http://www.cs.cornell.edu/~ross/publications/proofgen/proofgen_tate_popl10_tr.pdf},
}

%%%%%%%%%%%%%%%%%%%%%%%%%%%%%%%%%%%%%%%%%%%%%%%%%%%%%%%%%%%%%%%%%%%%%%%%%%%%%%%%

@article{lewenstein-2013,
  author        = {{Moshe} {Lewenstein} and {J.} {Ian} {Munro} and {Venkatesh} {Raman}},
  title         = {Succinct data structures for representing equivalence classes},
  journal       = {CoRR},
  volume        = {abs/1306.4287},
  year          = {2013},
  url           = {http://arxiv.org/abs/1306.4287},
  archivePrefix = {arXiv},
  eprint        = {1306.4287},
  timestamp     = {Wed, 07 Jun 2017 14:41:48 +0200},
  biburl        = {https://dblp.org/rec/bib/journals/corr/LewensteinMR13},
  bibsource     = {dblp computer science bibliography, https://dblp.org},
}

%%%%%%%%%%%%%%%%%%%%%%%%%%%%%%%%%%%%%%%%%%%%%%%%%%%%%%%%%%%%%%%%%%%%%%%%%%%%%%%%

@article{alpuente-2014,
  author  = {{Mar\'{i}a} Alpuente and Santiago Escobar and Javier Espert and {Jos\'{e}} Meseguer},
  title   = {A modular order-sorted equational generalization algorithm},
  journal = {Information and Computation},
  volume  = {235},
  pages   = {98 -- 136},
  year    = {2014},
  note    = {Special issue on Functional and (Constraint) Logic Programming},
  issn    = {0890-5401},
  doi     = {10.1016/j.ic.2014.01.006},
  url     = {https://doi.org/10.1016/j.ic.2014.01.006},
}

%%%%%%%%%%%%%%%%%%%%%%%%%%%%%%%%%%%%%%%%%%%%%%%%%%%%%%%%%%%%%%%%%%%%%%%%%%%%%%%%

@inproceedings{eker-2003,
  author    = {Steven Eker},
  editor    = {Robert Nieuwenhuis},
  title     = {Associative-Commutative Rewriting on Large Terms},
  booktitle = {Rewriting Techniques and Applications},
  year      = {2003},
  publisher = {Springer Berlin Heidelberg},
  address   = {Berlin, Heidelberg},
  pages     = {14 -- 29},
  isbn      = {978-3-540-44881-5},
  doi       = {10.1007/3-540-44881-0_3},
  url       = {https://doi.org/10.1007/3-540-44881-0_3},
}

%%%%%%%%%%%%%%%%%%%%%%%%%%%%%%%%%%%%%%%%%%%%%%%%%%%%%%%%%%%%%%%%%%%%%%%%%%%%%%%%

@article{plotkin-1972,
  author    = {Gordon Plotkin},
  editor    = {Bernard Meltzer and Donald Michie},
  title     = {Building-in Equational Theories},
  journal   = {Machine Intelligence},
  publisher = {Edinburgh University Press},
  year      = {1972},
  volume    = {7},
  pages     = {73 -- 90},
  url       = {http://homepages.inf.ed.ac.uk/gdp/publications/building_in_equational_theories.pdf2},
}

%%%%%%%%%%%%%%%%%%%%%%%%%%%%%%%%%%%%%%%%%%%%%%%%%%%%%%%%%%%%%%%%%%%%%%%%%%%%%%%%

@inproceedings{baader-2015,
  title       = {The Exact Unification Type of Commutative Theories},
  author      = {Franz Baader and Pierre Ludmann},
  booktitle   = {{29th International Workshop on Unification}},
  address     = {Warsaw, Poland},
  month       = {June},
  year        = {2015},
  url         = {https://hal.archives-ouvertes.fr/hal-01630956},
  pdf         = {https://hal.archives-ouvertes.fr/hal-01630956/file/BaLu-UNIF2015.pdf},
  hal_id      = {hal-01630956},
  hal_version = {v1},
}

%%%%%%%%%%%%%%%%%%%%%%%%%%%%%%%%%%%%%%%%%%%%%%%%%%%%%%%%%%%%%%%%%%%%%%%%%%%%%%%%

@techreport{graf-1994,
  author      = {Graf, Peter},
  title       = {Substitution tree indexing},
  type        = {Research Report},
  institution = {Max-Planck-Institut f{\"u}r Informatik},
  address     = {Im Stadtwald, D-66123 Saarbr{\"u}cken, Germany},
  number      = {MPI-I-94-251},
  month       = {October},
  year        = {1994},
  issn        = {0946-011X},
  url         = {http://pubman.mpdl.mpg.de/pubman/item/escidoc:1834191:2/component/escidoc:1857890/MPI-I-94-251.pdf},
}

%%%%%%%%%%%%%%%%%%%%%%%%%%%%%%%%%%%%%%%%%%%%%%%%%%%%%%%%%%%%%%%%%%%%%%%%%%%%%%%%

@article{nelson-1980,
  author     = {Greg Nelson and Derek C. Oppen},
  title      = {Fast Decision Procedures Based on Congruence Closure},
  journal    = {Journal of the ACM},
  issue_date = {April 1980},
  volume     = {27},
  number     = {2},
  month      = {April},
  year       = {1980},
  issn       = {0004-5411},
  pages      = {356 -- 364},
  numpages   = {9},
  publisher  = {ACM},
  address    = {New York, NY, USA},
  doi        = {10.1145/322186.322198},
  url        = {https://doi.org/10.1145/322186.322198},
  acmid      = {322198},
}

%%%%%%%%%%%%%%%%%%%%%%%%%%%%%%%%%%%%%%%%%%%%%%%%%%%%%%%%%%%%%%%%%%%%%%%%%%%%%%%%

@incollection{handbook-ch1,
  author    = {Martin Davis},
  editor    = {Alan Robinson and Andrei Voronkov},
  title     = {Chapter 1 - The Early History of Automated Deduction: Dedicated to the memory of Hao Wang},
  booktitle = {Handbook of Automated Reasoning},
  publisher = {North-Holland},
  edition   = {},
  address   = {Amsterdam},
  year      = {2001},
  pages     = {3 -- 15},
  series    = {Handbook of Automated Reasoning},
  isbn      = {978-0-444-50813-3},
  doi       = {10.1016/B978-044450813-3/50003-5},
  url       = {https://doi.org/10.1016/B978-044450813-3/50003-5},
}

@incollection{handbook-ch2,
  author    = {Leo Bachmair and Harald Ganzinger and David McAllester and Christopher Lynch},
  editor    = {Alan Robinson and Andrei Voronkov},
  title     = {Chapter 2 - Resolution Theorem Proving},
  booktitle = {Handbook of Automated Reasoning},
  publisher = {North-Holland},
  edition   = {},
  address   = {Amsterdam},
  year      = {2001},
  pages     = {19 -- 99},
  series    = {Handbook of Automated Reasoning},
  isbn      = {978-0-444-50813-3},
  doi       = {10.1016/B978-044450813-3/50004-7},
  url       = {https://doi.org/10.1016/B978-044450813-3/50004-7},
}

@incollection{handbook-ch3,
  author    = {{Reiner} {H\"{a}hnle}},
  editor    = {Alan Robinson and Andrei Voronkov},
  title     = {Chapter 3 - Tableaux and Related Methods},
  booktitle = {Handbook of Automated Reasoning},
  publisher = {North-Holland},
  edition   = {},
  address   = {Amsterdam},
  year      = {2001},
  pages     = {101 -- 178},
  series    = {Handbook of Automated Reasoning},
  isbn      = {978-0-444-50813-3},
  doi       = {10.1016/B978-044450813-3/50005-9},
  url       = {https://doi.org/10.1016/B978-044450813-3/50005-9},
}

@incollection{handbook-ch4,
  author    = {Anatoli Degtyarev and Andrei Voronkov},
  editor    = {Alan Robinson and Andrei Voronkov},
  title     = {Chapter 4 - The Inverse Method},
  booktitle = {Handbook of Automated Reasoning},
  publisher = {North-Holland},
  edition   = {},
  address   = {Amsterdam},
  year      = {2001},
  pages     = {179 -- 272},
  series    = {Handbook of Automated Reasoning},
  isbn      = {978-0-444-50813-3},
  doi       = {10.1016/B978-044450813-3/50006-0},
  url       = {https://doi.org/10.1016/B978-044450813-3/50006-0},
}

@incollection{handbook-ch5,
  author    = {Matthias Baaz and Uwe Egly and Alexander Leitsch and Jean Goubault-Larrecq and David Plaisted},
  editor    = {Alan Robinson and Andrei Voronkov},
  title     = {Chapter 5 - Normal Form Transformations},
  booktitle = {Handbook of Automated Reasoning},
  publisher = {North-Holland},
  edition   = {},
  address   = {Amsterdam},
  year      = {2001},
  pages     = {273 -- 333},
  series    = {Handbook of Automated Reasoning},
  isbn      = {978-0-444-50813-3},
  doi       = {10.1016/B978-044450813-3/50007-2},
  url       = {https://doi.org/10.1016/B978-044450813-3/50007-2},
}

@incollection{handbook-ch6,
  author    = {Andreas Nonnengart and Christoph Weidenbach},
  editor    = {Alan Robinson and Andrei Voronkov},
  title     = {Chapter 6 - Computing Small Clause Normal Forms},
  booktitle = {Handbook of Automated Reasoning},
  publisher = {North-Holland},
  edition   = {},
  address   = {Amsterdam},
  year      = {2001},
  pages     = {335 -- 367},
  series    = {Handbook of Automated Reasoning},
  isbn      = {978-0-444-50813-3},
  doi       = {10.1016/B978-044450813-3/50008-4},
  url       = {https://doi.org/10.1016/B978-044450813-3/50008-4},
}

@incollection{handbook-ch7,
  author    = {Robert Nieuwenhuis and Albert Rubio},
  editor    = {Alan Robinson and Andrei Voronkov},
  title     = {Chapter 7 - Paramodulation-Based Theorem Proving},
  booktitle = {Handbook of Automated Reasoning},
  publisher = {North-Holland},
  edition   = {},
  address   = {Amsterdam},
  year      = {2001},
  pages     = {371 -- 443},
  series    = {Handbook of Automated Reasoning},
  isbn      = {978-0-444-50813-3},
  doi       = {10.1016/B978-044450813-3/50009-6},
  url       = {https://doi.org/10.1016/B978-044450813-3/50009-6},
}

@incollection{handbook-ch8,
  author    = {Franz Baader and Wayne Snyder and Paliath Narendran and Manfred Schmidt-Schauss and Klaus Schulz},
  editor    = {Alan Robinson and Andrei Voronkov},
  title     = {Chapter 8 - Unification Theory},
  booktitle = {Handbook of Automated Reasoning},
  publisher = {North-Holland},
  edition   = {},
  address   = {Amsterdam},
  year      = {2001},
  pages     = {445 -- 533},
  series    = {Handbook of Automated Reasoning},
  isbn      = {978-0-444-50813-3},
  doi       = {10.1016/B978-044450813-3/50010-2},
  url       = {https://doi.org/10.1016/B978-044450813-3/50010-2},
}

@incollection{handbook-ch9,
  author    = {Nachum Dershowitz and David A. Plaisted},
  editor    = {Alan Robinson and Andrei Voronkov},
  title     = {Chapter 9 - Rewriting},
  booktitle = {Handbook of Automated Reasoning},
  publisher = {North-Holland},
  edition   = {},
  address   = {Amsterdam},
  year      = {2001},
  pages     = {535 -- 610},
  series    = {Handbook of Automated Reasoning},
  isbn      = {978-0-444-50813-3},
  doi       = {10.1016/B978-044450813-3/50011-4},
  url       = {https://doi.org/10.1016/B978-044450813-3/50011-4},
}

@incollection{handbook-ch10,
  author    = {Anatoli Degtyarev and Andrei Voronkov},
  editor    = {Alan Robinson and Andrei Voronkov},
  title     = {Chapter 10 - Equality Reasoning in Sequent-Based Calculi},
  booktitle = {Handbook of Automated Reasoning},
  publisher = {North-Holland},
  edition   = {},
  address   = {Amsterdam},
  year      = {2001},
  pages     = {611 -- 706},
  series    = {Handbook of Automated Reasoning},
  isbn      = {978-0-444-50813-3},
  doi       = {10.1016/B978-044450813-3/50012-6},
  url       = {https://doi.org/10.1016/B978-044450813-3/50012-6},
}

@incollection{handbook-ch11,
  author    = {Shang-Ching Chou and Xiao-Shan Gao},
  editor    = {Alan Robinson and Andrei Voronkov},
  title     = {Chapter 11 - Automated Reasoning in Geometry},
  booktitle = {Handbook of Automated Reasoning},
  publisher = {North-Holland},
  edition   = {},
  address   = {Amsterdam},
  year      = {2001},
  pages     = {707 -- 749},
  series    = {Handbook of Automated Reasoning},
  isbn      = {978-0-444-50813-3},
  doi       = {10.1016/B978-044450813-3/50013-8},
  url       = {https://doi.org/10.1016/B978-044450813-3/50013-8},
}

@incollection{handbook-ch12,
  author    = {Alexander Bockmayr and Volker Weispfenning and Michael Maher},
  editor    = {Alan Robinson and Andrei Voronkov},
  title     = {Chapter 12 - Solving Numerical Constraints},
  booktitle = {Handbook of Automated Reasoning},
  publisher = {North-Holland},
  edition   = {},
  address   = {Amsterdam},
  year      = {2001},
  pages     = {751 -- 842},
  series    = {Handbook of Automated Reasoning},
  isbn      = {978-0-444-50813-3},
  doi       = {10.1016/B978-044450813-3/50014-X},
  url       = {https://doi.org/10.1016/B978-044450813-3/50014-X},
}

@incollection{handbook-ch13,
  author    = {Alan Bundy},
  editor    = {Alan Robinson and Andrei Voronkov},
  title     = {Chapter 13 - The Automation of Proof by Mathematical Induction},
  booktitle = {Handbook of Automated Reasoning},
  publisher = {North-Holland},
  edition   = {},
  address   = {Amsterdam},
  year      = {2001},
  pages     = {845 -- 911},
  series    = {Handbook of Automated Reasoning},
  isbn      = {978-0-444-50813-3},
  doi       = {10.1016/B978-044450813-3/50015-1},
  url       = {https://doi.org/10.1016/B978-044450813-3/50015-1},
}

@incollection{handbook-ch14,
  author    = {Hubert Comon},
  editor    = {Alan Robinson and Andrei Voronkov},
  title     = {Chapter 14 - Inductionless Induction},
  booktitle = {Handbook of Automated Reasoning},
  publisher = {North-Holland},
  edition   = {},
  address   = {Amsterdam},
  year      = {2001},
  pages     = {913 -- 962},
  series    = {Handbook of Automated Reasoning},
  isbn      = {978-0-444-50813-3},
  doi       = {10.1016/B978-044450813-3/50016-3},
  url       = {https://doi.org/10.1016/B978-044450813-3/50016-3},
}

@incollection{handbook-ch15,
  author    = {Peter B. Andrews},
  editor    = {Alan Robinson and Andrei Voronkov},
  title     = {Chapter 15 - Classical Type Theory},
  booktitle = {Handbook of Automated Reasoning},
  publisher = {North-Holland},
  edition   = {},
  address   = {Amsterdam},
  year      = {2001},
  pages     = {965 -- 1007},
  series    = {Handbook of Automated Reasoning},
  isbn      = {978-0-444-50813-3},
  doi       = {10.1016/B978-044450813-3/50017-5},
  url       = {https://doi.org/10.1016/B978-044450813-3/50017-5},
}

@incollection{handbook-ch16,
  author    = {Gilles Dowek},
  editor    = {Alan Robinson and Andrei Voronkov},
  title     = {Chapter 16 - Higher-Order Unification and Matching},
  booktitle = {Handbook of Automated Reasoning},
  publisher = {North-Holland},
  edition   = {},
  address   = {Amsterdam},
  year      = {2001},
  pages     = {1009 -- 1062},
  series    = {Handbook of Automated Reasoning},
  isbn      = {978-0-444-50813-3},
  doi       = {10.1016/B978-044450813-3/50018-7},
  url       = {https://doi.org/10.1016/B978-044450813-3/50018-7},
}

@incollection{handbook-ch17,
  author    = {Frank Pfenning},
  editor    = {Alan Robinson and Andrei Voronkov},
  title     = {Chapter 17 - Logical Frameworks},
  booktitle = {Handbook of Automated Reasoning},
  publisher = {North-Holland},
  edition   = {},
  address   = {Amsterdam},
  year      = {2001},
  pages     = {1063 -- 1147},
  series    = {Handbook of Automated Reasoning},
  isbn      = {978-0-444-50813-3},
  doi       = {10.1016/B978-044450813-3/50019-9},
  url       = {https://doi.org/10.1016/B978-044450813-3/50019-9},
}

@incollection{handbook-ch18,
  author    = {Henk Barendregt and Herman Geuvers},
  editor    = {Alan Robinson and Andrei Voronkov},
  title     = {Chapter 18 - Proof-Assistants Using Dependent Type Systems},
  booktitle = {Handbook of Automated Reasoning},
  publisher = {North-Holland},
  edition   = {},
  address   = {Amsterdam},
  year      = {2001},
  pages     = {1149 -- 1238},
  series    = {Handbook of Automated Reasoning},
  isbn      = {978-0-444-50813-3},
  doi       = {10.1016/B978-044450813-3/50020-5},
  url       = {https://doi.org/10.1016/B978-044450813-3/50020-5},
}

@incollection{handbook-ch19,
  author    = {{J\"{u}rgen} Dix and Ulrich Furbach and Ilkka {Niemel\"{a}} and Gerd Brewka and Mirek {Truszczy\'{n}ski}},
  editor    = {Alan Robinson and Andrei Voronkov},
  title     = {Chapter 19 - Nonmonotonic Reasoning: Towards Efficient Calculi and Implementations},
  booktitle = {Handbook of Automated Reasoning},
  publisher = {North-Holland},
  edition   = {},
  address   = {Amsterdam},
  year      = {2001},
  pages     = {1241 -- 1354},
  series    = {Handbook of Automated Reasoning},
  isbn      = {978-0-444-50813-3},
  doi       = {10.1016/B978-044450813-3/50021-7},
  url       = {https://doi.org/10.1016/B978-044450813-3/50021-7},
}

@incollection{handbook-ch20,
  author    = {Matthias Baaz and Christian G. {Ferm\"{u}ller} and Gernot Salzer},
  editor    = {Alan Robinson and Andrei Voronkov},
  title     = {Chapter 20 - Automated Deduction for Many-Valued Logics},
  booktitle = {Handbook of Automated Reasoning},
  publisher = {North-Holland},
  edition   = {},
  address   = {Amsterdam},
  year      = {2001},
  pages     = {1355 -- 1402},
  series    = {Handbook of Automated Reasoning},
  isbn      = {978-0-444-50813-3},
  doi       = {10.1016/B978-044450813-3/50022-9},
  url       = {https://doi.org/10.1016/B978-044450813-3/50022-9},
}

@incollection{handbook-ch21,
  author    = {Hans {J\"{u}rgen} Ohlbach and Andreas Nonnengart and Maarten de Rijke and Dov M. Gabbay},
  editor    = {Alan Robinson and Andrei Voronkov},
  title     = {Chapter 21 - Encoding Two-Valued Nonclassical Logics in Classical Logic},
  booktitle = {Handbook of Automated Reasoning},
  publisher = {North-Holland},
  edition   = {},
  address   = {Amsterdam},
  year      = {2001},
  pages     = {1403 -- 1486},
  series    = {Handbook of Automated Reasoning},
  isbn      = {978-0-444-50813-3},
  doi       = {10.1016/B978-044450813-3/50023-0},
  url       = {https://doi.org/10.1016/B978-044450813-3/50023-0},
}

@incollection{handbook-ch22,
  author    = {Arild Waaler},
  editor    = {Alan Robinson and Andrei Voronkov},
  title     = {Chapter 22 - Connections in Nonclassical Logics},
  booktitle = {Handbook of Automated Reasoning},
  publisher = {North-Holland},
  edition   = {},
  address   = {Amsterdam},
  year      = {2001},
  pages     = {1487 -- 1578},
  series    = {Handbook of Automated Reasoning},
  isbn      = {978-0-444-50813-3},
  doi       = {10.1016/B978-044450813-3/50024-2},
  url       = {https://doi.org/10.1016/B978-044450813-3/50024-2},
}

@incollection{handbook-ch23,
  author    = {Diego Calvanese and Giuseppe De Giacomo and Daniele Nardi and Maurizio Lenzerini},
  editor    = {Alan Robinson and Andrei Voronkov},
  title     = {Chapter 23 - Reasoning in Expressive Description Logics},
  booktitle = {Handbook of Automated Reasoning},
  publisher = {North-Holland},
  edition   = {},
  address   = {Amsterdam},
  year      = {2001},
  pages     = {1581 -- 1634},
  series    = {Handbook of Automated Reasoning},
  isbn      = {978-0-444-50813-3},
  doi       = {10.1016/B978-044450813-3/50025-4},
  url       = {https://doi.org/10.1016/B978-044450813-3/50025-4},
}

@incollection{handbook-ch24,
  author    = {Edmund M. Clarke and Bernd-Holger Schlingloff},
  editor    = {Alan Robinson and Andrei Voronkov},
  title     = {Chapter 24 - Model Checking},
  booktitle = {Handbook of Automated Reasoning},
  publisher = {North-Holland},
  edition   = {},
  address   = {Amsterdam},
  year      = {2001},
  pages     = {1635 -- 1790},
  series    = {Handbook of Automated Reasoning},
  isbn      = {978-0-444-50813-3},
  doi       = {10.1016/B978-044450813-3/50026-6},
  url       = {https://doi.org/10.1016/B978-044450813-3/50026-6},
}

@incollection{handbook-ch25,
  author    = {Christian G. {Ferm\"{u}ller} and Alexander Leitsch and Ullrich Hustadt and Tanel Tammet},
  editor    = {Alan Robinson and Andrei Voronkov},
  title     = {Chapter 25 - Resolution Decision Procedures},
  booktitle = {Handbook of Automated Reasoning},
  publisher = {North-Holland},
  edition   = {},
  address   = {Amsterdam},
  year      = {2001},
  pages     = {1791 -- 1849},
  series    = {Handbook of Automated Reasoning},
  isbn      = {978-0-444-50813-3},
  doi       = {10.1016/B978-044450813-3/50027-8},
  url       = {https://doi.org/10.1016/B978-044450813-3/50027-8},
}

@incollection{handbook-ch26,
  author    = {R. Sekar and I.~V. Ramakrishnan and Andrei Voronkov},
  editor    = {Alan Robinson and Andrei Voronkov},
  title     = {Chapter 26 - Term Indexing},
  booktitle = {Handbook of Automated Reasoning},
  publisher = {North-Holland},
  edition   = {},
  address   = {Amsterdam},
  year      = {2001},
  pages     = {1853 -- 1964},
  series    = {Handbook of Automated Reasoning},
  isbn      = {978-0-444-50813-3},
  doi       = {10.1016/B978-044450813-3/50028-X},
  url       = {https://doi.org/10.1016/B978-044450813-3/50028-X},
}

@incollection{handbook-ch27,
  author    = {Christoph Weidenbach},
  editor    = {Alan Robinson and Andrei Voronkov},
  title     = {Chapter 27 - Combining Superposition, Sorts and Splitting},
  booktitle = {Handbook of Automated Reasoning},
  publisher = {North-Holland},
  edition   = {},
  address   = {Amsterdam},
  year      = {2001},
  pages     = {1965 -- 2013},
  series    = {Handbook of Automated Reasoning},
  isbn      = {978-0-444-50813-3},
  doi       = {10.1016/B978-044450813-3/50029-1},
  url       = {https://doi.org/10.1016/B978-044450813-3/50029-1},
}

@incollection{handbook-ch28,
  author    = {Reinhold Letz and Gernot Stenz},
  editor    = {Alan Robinson and Andrei Voronkov},
  title     = {Chapter 28 - Model Elimination and Connection Tableau Procedures},
  booktitle = {Handbook of Automated Reasoning},
  publisher = {North-Holland},
  edition   = {},
  address   = {Amsterdam},
  year      = {2001},
  pages     = {2015 -- 2114},
  series    = {Handbook of Automated Reasoning},
  isbn      = {978-0-444-50813-3},
  doi       = {10.1016/B978-044450813-3/50030-8},
  url       = {https://doi.org/10.1016/B978-044450813-3/50030-8},
}

@incollection{handbook-concept-index,
  editor    = {Alan Robinson and Andrei Voronkov},
  title     = {Concept index},
  booktitle = {Handbook of Automated Reasoning},
  publisher = {North-Holland},
  edition   = {},
  address   = {Amsterdam},
  year      = {2001},
  pages     = {2115 -- 2122},
  series    = {Handbook of Automated Reasoning},
  isbn      = {978-0-444-50813-3},
  doi       = {10.1016/B978-044450813-3/50031-X},
  url       = {https://doi.org/10.1016/B978-044450813-3/50031-X},
}

%%%%%%%%%%%%%%%%%%%%%%%%%%%%%%%%%%%%%%%%%%%%%%%%%%%%%%%%%%%%%%%%%%%%%%%%%%%%%%%%
